<?xml version="1.0" encoding="UTF-8"?><collection xmlns="http://www.loc.gov/MARC21/slim"><record><leader>00396nam--2200145-i-4500</leader><controlfield tag="001">000013039</controlfield><controlfield tag="002">20161230</controlfield><controlfield tag="005">20170115220218</controlfield><controlfield tag="008">060222s1000------------r-----000-0-eng-d</controlfield><datafield ind1=" " ind2=" " tag="080"><subfield code="a">681.3.069</subfield></datafield><datafield ind1=" " ind2=" " tag="245"><subfield code="a">Cp/ m tm mac macro Assembler: language manual and applications guide</subfield></datafield><datafield ind1=" " ind2=" " tag="260"><subfield code="a">Pacific Grove</subfield><subfield code="b">Digital Research</subfield><subfield code="c">1977</subfield></datafield><datafield ind1=" " ind2=" " tag="300"><subfield code="a">168 p</subfield></datafield><datafield ind1=" " ind2=" " tag="852"><subfield code="a">47070</subfield></datafield><datafield ind1=" " ind2=" " tag="CAT"><subfield code="a">SYS</subfield><subfield code="c">20170115</subfield><subfield code="h">220218</subfield></datafield></record></collection>